@misc{pennisi2001human,
  title={The Sequence of the Human Genome},
  author={Venter, J. Craig, Mark D. Adams et al.},
  journal={Science},
  year={2001},
  publisher={American Association for the Advancement of Science}
}

@misc{hifi,
  title={What are the Benefits of Hifi Sequencing?},
  author={PacBio},
  year={2020},
  url={https://www.pacb.com/technology/hifi-sequencing/}
}

@misc{wes,
  title={Principles and Workflow of Whole Exome Sequencing},
  author={PacBio},
  year={2020},
  url={https://www.pacb.com/technology/hifi-sequencing/}
}

@article{ccs,
  title={Accurate circular consensus long-read sequencing improves variant detection and assembly of a human genome},
  author={Wenger, Aaron M and Peluso, Paul and Rowell , et al.},
  journal={Nature biotechnology},
  volume={37},
  number={10},
  pages={1155--1162},
  year={2019},
  publisher={Nature Publishing Group}
}

@article{completegenome,
  title={The complete sequence of a human genome},
  author={Nurk, Sergey and Koren, Sergey and Rhie, Arang and Rautiainen, Mikko and Bzikadze, Andrey V and Mikheenko, Alla and Vollger, Mitchell R and Altemose, Nicolas and Uralsky, Lev and Gershman, Ariel and others},
  journal={Science},
  volume={376},
  number={6588},
  pages={44--53},
  year={2022},
  publisher={American Association for the Advancement of Science}
}

@article{westlake,
  title={Genomic analyses of 10,376 individuals in the Westlake BioBank for Chinese (WBBC) pilot project},
  author={Cong, Pei-Kuan and Bai, Wei-Yang and Li, Jin-Chen and Yang, Meng-Yuan and Khederzadeh, Saber and Gai, Si-Rui and Li, Nan and Liu, Yu-Heng and Yu, Shi-Hui and Zhao, Wei-Wei and others},
  journal={Nature Communications},
  volume={13},
  number={1},
  pages={1--15},
  year={2022},
  publisher={Nature Publishing Group}
}

@article{ACMG,
  title={Standards and guidelines for the interpretation of sequence variants: a joint consensus recommendation of the American College of Medical Genetics and Genomics and the Association for Molecular Pathology},
  author={Richards, Sue and Aziz, Nazneen and Bale, Sherri and Bick, David and Das, Soma and Gastier-Foster, Julie and Grody, Wayne W and Hegde, Madhuri and Lyon, Elaine and Spector, Elaine and others},
  journal={Genetics in medicine},
  volume={17},
  number={5},
  pages={405--423},
  year={2015},
  publisher={Nature Publishing Group}
}